
@article{anderss_huberw:HTSeqPython2015,
  title = {{{HTSeq}}--a {{Python}} Framework to Work with High-Throughput Sequencing Data},
  author = {Anders, Simon and Pyl, Paul Theodor and Huber, Wolfgang},
  date = {2015-01-15},
  journaltitle = {Bioinformatics},
  volume = {31},
  number = {2},
  eprint = {25260700},
  eprinttype = {pmid},
  pages = {166--169},
  doi = {10.1093/bioinformatics/btu638},
  pmcid = {PMC4287950}
}

@article{bodinim_rival:HiddenGenomic2015,
  title = {The Hidden Genomic Landscape of Acute Myeloid Leukemia: Subclonal Structure Revealed by Undetected Mutations.},
  shorttitle = {The Hidden Genomic Landscape of Acute Myeloid Leukemia},
  author = {Bodini, M. and Ronchini, C. and Giac√≤, L. and Russo, A. and Melloni, G. E. and Luzi, L. and Sardella, D. and Volorio, S. and Hasan, S. K. and Ottone, T. and Lavorgna, S. and Lo-Coco, F. and Candoni, A. and Fanin, R. and Toffoletti, E. and Iacobucci, I. and Martinelli, G. and Cignetti, A. and Tarella, C. and Bernard, L. and Pelicci, P. G. and Riva, L.},
  date = {2015-01},
  journaltitle = {Blood},
  volume = {125},
  number = {4},
  pages = {600--605},
  doi = {10.1182/blood-2014-05-576157}
}

@article{cibulskisk_getzg:SensitiveDetection2013,
  title = {Sensitive Detection of Somatic Point Mutations in Impure and Heterogeneous Cancer Samples},
  author = {Cibulskis, Kristian and Lawrence, Michael S. and Carter, Scott L. and Sivachenko, Andrey and Jaffe, David and Sougnez, Carrie and Gabriel, Stacey and Meyerson, Matthew and Lander, Eric S. and Getz, Gad},
  date = {2013-03},
  journaltitle = {Nat Biotechnol},
  volume = {31},
  number = {3},
  eprint = {23396013},
  eprinttype = {pmid},
  pages = {213--219},
  doi = {10.1038/nbt.2514},
  pmcid = {PMC3833702}
}

@article{costellom_getzg:DiscoveryCharacterization2013,
  title = {Discovery and Characterization of Artifactual Mutations in Deep Coverage Targeted Capture Sequencing Data Due to Oxidative {{DNA}} Damage during Sample Preparation},
  author = {Costello, Maura and Pugh, Trevor J. and Fennell, Timothy J. and Stewart, Chip and Lichtenstein, Lee and Meldrim, James C. and Fostel, Jennifer L. and Friedrich, Dennis C. and Perrin, Danielle and Dionne, Danielle and Kim, Sharon and Gabriel, Stacey B. and Lander, Eric S. and Fisher, Sheila and Getz, Gad},
  date = {2013-04-01},
  journaltitle = {Nucleic Acids Research},
  volume = {41},
  number = {6},
  pages = {e67},
  doi = {10.1093/nar/gks1443}
}

@article{dobina_gingerastr:STARUltrafast2013,
  title = {{{STAR}}: Ultrafast Universal {{RNA}}-Seq Aligner},
  shorttitle = {{{STAR}}},
  author = {Dobin, Alexander and Davis, Carrie A. and Schlesinger, Felix and Drenkow, Jorg and Zaleski, Chris and Jha, Sonali and Batut, Philippe and Chaisson, Mark and Gingeras, Thomas R.},
  date = {2013-01-01},
  journaltitle = {Bioinformatics},
  volume = {29},
  number = {1},
  eprint = {23104886},
  eprinttype = {pmid},
  pages = {15--21},
  doi = {10.1093/bioinformatics/bts635}
}

@article{ellrottk_tcga:MC3MutationCalling2018,
  title = {Scalable {{Open Science Approach}} for {{Mutation Calling}} of {{Tumor Exomes Using Multiple Genomic Pipelines}}},
  author = {Ellrott, Kyle and Bailey, Matthew H. and Saksena, Gordon and Covington, Kyle R. and Kandoth, Cyriac and Stewart, Chip and Hess, Julian and Ma, Singer and Chiotti, Kami E. and McLellan, Michael and Sofia, Heidi J. and Hutter, Carolyn and Getz, Gad and Wheeler, David and Ding, Li and {MC3 Working Group} and {Cancer Genome Atlas Research Network}},
  date = {2018-03-28},
  journaltitle = {Cell Syst},
  volume = {6},
  number = {3},
  eprint = {29596782},
  eprinttype = {pmid},
  pages = {271-281.e7},
  doi = {10.1016/j.cels.2018.03.002},
  pmcid = {PMC6075717}
}

@article{fany_wangw:MuSE2016,
  title = {{{MuSE}}: Accounting for Tumor Heterogeneity Using a Sample-Specific Error Model Improves Sensitivity and Specificity in Mutation Calling from Sequencing Data},
  shorttitle = {{{MuSE}}},
  author = {Fan, Yu and Xi, Liu and Hughes, Daniel S. T. and Zhang, Jianjun and Zhang, Jianhua and Futreal, P. Andrew and Wheeler, David A. and Wang, Wenyi},
  date = {2016-08-24},
  journaltitle = {Genome Biology},
  volume = {17},
  number = {1},
  pages = {178},
  doi = {10.1186/s13059-016-1029-6}
}

@article{hutterc_zenklusenjc:CancerGenome2018,
  title = {The {{Cancer Genome Atlas}}: Creating {{Lasting Value}} beyond {{Its Data}}},
  shorttitle = {The {{Cancer Genome Atlas}}},
  author = {Hutter, Carolyn and Zenklusen, Jean Claude},
  date = {2018-04-05},
  journaltitle = {Cell},
  volume = {173},
  number = {2},
  eprint = {29625045},
  eprinttype = {pmid},
  pages = {283--285},
  doi = {10.1016/j.cell.2018.03.042}
}

@article{koboldtdc_wilsonrk:VarScan22012,
  title = {{{VarScan}} 2: Somatic Mutation and Copy Number Alteration Discovery in Cancer by Exome Sequencing},
  shorttitle = {{{VarScan}} 2},
  author = {Koboldt, Daniel C. and Zhang, Qunyuan and Larson, David E. and Shen, Dong and McLellan, Michael D. and Lin, Ling and Miller, Christopher A. and Mardis, Elaine R. and Ding, Li and Wilson, Richard K.},
  date = {2012-03-01},
  journaltitle = {Genome Res.},
  volume = {22},
  number = {3},
  eprint = {22300766},
  eprinttype = {pmid},
  pages = {568--576},
  doi = {10.1101/gr.129684.111}
}

@article{larsonde_dingl:SomaticSniper2012,
  title = {{{SomaticSniper}}: Identification of Somatic Point Mutations in Whole Genome Sequencing Data},
  shorttitle = {{{SomaticSniper}}},
  author = {Larson, David E. and Harris, Christopher C. and Chen, Ken and Koboldt, Daniel C. and Abbott, Travis E. and Dooling, David J. and Ley, Timothy J. and Mardis, Elaine R. and Wilson, Richard K. and Ding, Li},
  date = {2012-02-01},
  journaltitle = {Bioinformatics},
  volume = {28},
  number = {3},
  pages = {311--317},
  doi = {10.1093/bioinformatics/btr665}
}

@article{lekm_exomeaggregationconsortium:AnalysisProteincoding2016,
  title = {Analysis of Protein-Coding Genetic Variation in 60,706 Humans},
  author = {Lek, Monkol and Karczewski, Konrad J. and Minikel, Eric V. and Samocha, Kaitlin E. and Banks, Eric and Fennell, Timothy and O'Donnell-Luria, Anne H. and Ware, James S. and Hill, Andrew J. and Cummings, Beryl B. and Tukiainen, Taru and Birnbaum, Daniel P. and Kosmicki, Jack A. and Duncan, Laramie E. and Estrada, Karol and Zhao, Fengmei and Zou, James and Pierce-Hoffman, Emma and Berghout, Joanne and Cooper, David N. and Deflaux, Nicole and DePristo, Mark and Do, Ron and Flannick, Jason and Fromer, Menachem and Gauthier, Laura and Goldstein, Jackie and Gupta, Namrata and Howrigan, Daniel and Kiezun, Adam and Kurki, Mitja I. and Moonshine, Ami Levy and Natarajan, Pradeep and Orozco, Lorena and Peloso, Gina M. and Poplin, Ryan and Rivas, Manuel A. and Ruano-Rubio, Valentin and Rose, Samuel A. and Ruderfer, Douglas M. and Shakir, Khalid and Stenson, Peter D. and Stevens, Christine and Thomas, Brett P. and Tiao, Grace and Tusie-Luna, Maria T. and Weisburd, Ben and Won, Hong-Hee and Yu, Dongmei and Altshuler, David M. and Ardissino, Diego and Boehnke, Michael and Danesh, John and Donnelly, Stacey and Elosua, Roberto and Florez, Jose C. and Gabriel, Stacey B. and Getz, Gad and Glatt, Stephen J. and Hultman, Christina M. and Kathiresan, Sekar and Laakso, Markku and McCarroll, Steven and McCarthy, Mark I. and McGovern, Dermot and McPherson, Ruth and Neale, Benjamin M. and Palotie, Aarno and Purcell, Shaun M. and Saleheen, Danish and Scharf, Jeremiah M. and Sklar, Pamela and Sullivan, Patrick F. and Tuomilehto, Jaakko and Tsuang, Ming T. and Watkins, Hugh C. and Wilson, James G. and Daly, Mark J. and MacArthur, Daniel G. and {Exome Aggregation Consortium}},
  date = {2016-08-18},
  journaltitle = {Nature},
  volume = {536},
  number = {7616},
  eprint = {27535533},
  eprinttype = {pmid},
  pages = {285--291},
  doi = {10.1038/nature19057},
  pmcid = {PMC5018207}
}

@article{lib_deweycn:RSEMAccurate2011,
  title = {{{RSEM}}: Accurate Transcript Quantification from {{RNA}}-{{Seq}} Data with or without a Reference Genome},
  shorttitle = {{{RSEM}}},
  author = {Li, Bo and Dewey, Colin N.},
  date = {2011-08-04},
  journaltitle = {BMC Bioinformatics},
  volume = {12},
  number = {1},
  eprint = {21816040},
  eprinttype = {pmid},
  pages = {323},
  doi = {10.1186/1471-2105-12-323}
}

@article{lih_durbinr:BWAShortRead2009,
  title = {Fast and Accurate Short Read Alignment with {{Burrows}}-{{Wheeler}} Transform},
  author = {Li, Heng and Durbin, Richard},
  date = {2009-07-15},
  journaltitle = {Bioinformatics},
  volume = {25},
  number = {14},
  eprint = {19451168},
  eprinttype = {pmid},
  pages = {1754--1760},
  doi = {10.1093/bioinformatics/btp324},
  pmcid = {PMC2705234}
}

@article{mermelch_getzg:GISTIC2Facilitates2011,
  title = {{{GISTIC2}}.0 Facilitates Sensitive and Confident Localization of the Targets of Focal Somatic Copy-Number Alteration in Human Cancers},
  author = {Mermel, Craig H. and Schumacher, Steven E. and Hill, Barbara and Meyerson, Matthew L. and Beroukhim, Rameen and Getz, Gad},
  date = {2011},
  journaltitle = {Genome Biol.},
  volume = {12},
  number = {4},
  eprint = {21527027},
  eprinttype = {pmid},
  pages = {R41},
  doi = {10.1186/gb-2011-12-4-r41},
  pmcid = {PMC3218867}
}

@article{radenbaughaj_hausslerd:RADIA2014,
  title = {{{RADIA}}: {{RNA}} and {{DNA}} Integrated Analysis for Somatic Mutation Detection},
  shorttitle = {{{RADIA}}},
  author = {Radenbaugh, Amie J. and Ma, Singer and Ewing, Adam and Stuart, Joshua M. and Collisson, Eric A. and Zhu, Jingchun and Haussler, David},
  date = {2014},
  journaltitle = {PLoS One},
  volume = {9},
  number = {11},
  eprint = {25405470},
  eprinttype = {pmid},
  pages = {e111516},
  doi = {10.1371/journal.pone.0111516},
  pmcid = {PMC4236012}
}

@article{sherryst_sirotkink:dbSNP2001,
  title = {{{dbSNP}}: The {{NCBI}} Database of Genetic Variation},
  shorttitle = {{{dbSNP}}},
  author = {Sherry, S. T. and Ward, M. H. and Kholodov, M. and Baker, J. and Phan, L. and Smigielski, E. M. and Sirotkin, K.},
  date = {2001-01-01},
  journaltitle = {Nucleic Acids Res},
  volume = {29},
  number = {1},
  eprint = {11125122},
  eprinttype = {pmid},
  pages = {308--311},
  doi = {10.1093/nar/29.1.308},
  pmcid = {PMC29783}
}

@article{yek_ningz:Pindel2009,
  title = {Pindel: A Pattern Growth Approach to Detect Break Points of Large Deletions and Medium Sized Insertions from Paired-End Short Reads},
  shorttitle = {Pindel},
  author = {Ye, Kai and Schulz, Marcel H. and Long, Quan and Apweiler, Rolf and Ning, Zemin},
  date = {2009-11-01},
  journaltitle = {Bioinformatics},
  volume = {25},
  number = {21},
  pages = {2865--2871},
  doi = {10.1093/bioinformatics/btp394}
}


